@manual{skript,
  title = "V21 - Optisches Pumpen",
  author = "TU Dortmund",
  url = "https://moodle.tu-dortmund.de/pluginfile.php/951410/mod_resource/content/1/V21.pdf",
  urldate = "2019-12-06",
}
