@manual{V47,
  title = "V47 Molwärme",
  url = "https://moodle.tu-dortmund.de/pluginfile.php/951414/mod_resource/content/1/V47.pdf",
  urldate = "2019-11-18",
}

@online{kupfer,
  author = "GoodFellow",
  title = "Kupfer (Cu)",
  url = "http://www.goodfellow.com/G/Kupfer.html",
  urldate = "2019-11-21",
}

@book{debye-kupfer,
  author = {Charles Kittel},
  title = {Einführung in die Festkörperphysik},
  year = {2005},
  publisher = {Oldenbourg Verlag}
}

@online{chem,
  author = "Chemie.de",
  title = "Spezifische Wärmekapazitä",
  url = "https://www.chemie.de/lexikon/Spezifische_W%C3%A4rmekapazit%C3%A4t.html",
  urldate = "2019-11-21",
}
