@manual{nGaAs,
  author = "filmetrics",
  title = "Brechungsindex GaAs",
  url = "https://www.filmetrics.de/refractive-index-database/GaAs/Gallium-Arsenide",
  urldate = "2019-11-11",
}
