@misc{ITC,
  author = "C. Bucci and R. Fieschi",
  title = "Ionic Thermoconductivity",
  howpublished = "\url{https://journals.aps.org/prl/pdf/10.1103/PhysRevLett.12.16}",
  year = "1963", 
  note = "[Online; accessed 21-October-2019]"
}